<?xml version="1.0" encoding="UTF-8"?><record xmlns="http://www.loc.gov/MARC21/slim" xmlns:cinclude="http://apache.org/cocoon/include/1.0" xmlns:zs="http://www.loc.gov/zing/srw/">
  <leader>00439nz  a2200145n  4500</leader>
  <controlfield tag="001">n 2008054890</controlfield>
  <controlfield tag="003">DLC</controlfield>
  <controlfield tag="005">20080812091743.0</controlfield>
  <controlfield tag="008">080811n| acannaabn          |a aaa      </controlfield>
  <datafield tag="010" ind1=" " ind2=" ">
    <subfield code="a">n 2008054890</subfield>
  </datafield>
  <datafield tag="040" ind1=" " ind2=" ">
    <subfield code="a">DLC</subfield>
    <subfield code="b">eng</subfield>
    <subfield code="c">DLC</subfield>
  </datafield>
  <datafield tag="100" ind1="1" ind2=" ">
    <subfield code="a">Takeuchi, Naoko.</subfield>
    <subfield code="t">Sērā Mūn.</subfield>
    <subfield code="l">English</subfield>
  </datafield>
  <datafield tag="400" ind1="1" ind2=" ">
    <subfield code="a">Takeuchi, Naoko.</subfield>
    <subfield code="t">Sailor Moon</subfield>
  </datafield>
  <datafield tag="670" ind1=" " ind2=" ">
    <subfield code="a">Takeuchi, Naoko. Sailor Moon, 1999-</subfield>
  </datafield>
  <datafield tag="670" ind1=" " ind2=" ">
    <subfield code="a">Metcha search, 2008-08-11</subfield>
    <subfield code="b">(Sērā Mūn [in katakana])</subfield>
  </datafield>
</record>